@ARTICLE{Dierk,
  author = {Dierks, T. and Allen, C},
  title  = {The Transport Layer Security (TLS) Protocol Version 1.0},
  journal = {RFC 2246},
  url = {https://www.ietf.org/rfc/rfc2246.txt},
  year = {1999}
}

@CONFERENCE{twmon,
  author  = {Mon, T. W. and Fujii, S. and Duong, D. T. and Ogata, K.},
  title   = {Formal verification of IFF \& NSLPK authentication protocols with CiMPG},
  booktitle = {Software Engineering and Knowledge Engineering, SEKE 2021}, 
  year    = {2021},
  pages   = {120-125},
  doi = {10.18293/SEKE2021-037}
}

@INPROCEEDINGS{1437139,  
author={Ogata, K. and Futatsugi, K.},  
booktitle={25th IEEE International Conference on Distributed Computing Systems (ICDCS'05)},   title={Equational Approach to Formal Analysis of TLS},   year={2005},  
volume={},  
number={},  
pages={795-804},  
doi={10.1109/ICDCS.2005.32}
}

@ARTICLE{1621007,  
author={Weaver, A.C.},  
journal={Computer},   
title={Secure Sockets Layer},  
year={2006}, 
volume={39},  
number={4},  
pages={88-90},  
doi={10.1109/MC.2006.138}
}

@inproceedings{OgataF03fmoods,
  author    = {Kazuhiro Ogata and Kokichi Futatsugi},
  title     = {Proof Scores in the OTS/CafeOBJ Method},
  booktitle = {FMOODS 2003},
  pages     = {170-184},
  year      = {2003},
  doi       = {10.1007/978-3-540-39958-2\_12},
}

@book{DiaconescuF98amast,
  author    = {Razvan Diaconescu and Kokichi Futatsugi},
  title     = {Cafeobj Report},
  series    = {AMAST Series in Computing},
  volume    = {6},
  publisher = {World Scientific},
  year      = {1998},
  doi       = {10.1142/3831},
}

@book{ClavelEtal2007maude,
  editor    = "{M. Clavel, et al.}",
  title     = "All About Maude",
  series    = "Lecture Notes in Computer Science",
  volume    = "4350",
  publisher = "Springer",
  year      = "2007",
  doi       = "10.1007/978-3-540-71999-1",
}

@article{RiescoO18tosem,
  author    = "Adri{\'{a}}n Riesco and Kazuhiro Ogata",
  title     = "Prove it! {Inferring} Formal Proof Scripts from {CafeOBJ} Proof Scores",
  journal   = "{ACM} Trans. Softw. Eng. Methodol.",
  volume    = "27",
  number    = "2",
  pages     = "6:1--6:32",
  year      = "2018",
  doi       = "10.1145/3208951",
}

@inproceedings{10.1145/2663716.2663755,
author = {Durumeric, Zakir and Li, Frank and Kasten, James and Amann, Johanna and Beekman, Jethro and Payer, Mathias and Weaver, Nicolas and Adrian, David and Paxson, Vern and Bailey, Michael and Halderman, J. Alex},
title = {The Matter of Heartbleed},
year = {2014},
isbn = {9781450332132},
publisher = {Association for Computing Machinery},
address = {New York, NY, USA},
url = {https://doi.org/10.1145/2663716.2663755},
doi = {10.1145/2663716.2663755},
booktitle = {Proceedings of the 2014 Conference on Internet Measurement Conference},
pages = {475â€“488},
numpages = {14},
series = {IMC '14}
}

@inproceedings {197245,
author = {Nimrod Aviram and Sebastian Schinzel and Juraj Somorovsky and Nadia Heninger and Maik Dankel and Jens Steube and Luke Valenta and David Adrian and J. Alex Halderman and Viktor Dukhovni and Emilia K{\"a}sper and Shaanan Cohney and Susanne Engels and Christof Paar and Yuval Shavitt},
title = {{DROWN}: Breaking {TLS} Using SSLv2},
booktitle = {25th {USENIX} Security Symposium ({USENIX} Security 16)},
year = {2016},
isbn = {978-1-931971-32-4},
address = {Austin, TX},
pages = {689--706},
url = {https://www.usenix.org/conference/usenixsecurity16/technical-sessions/presentation/aviram},
publisher = {{USENIX} Association},
month = aug,
}

@ARTICLE{dolev,
  author  = {Dolev, D. and Yao},
  title   = {On the Security of Public Key Protocols},
  journal = {IEEE Transactions on Information Theory}, 
  volume  = {486},
  year    = {1983},
  pages   = {198-208},
  doi     = {10.1109/TIT.1983.1056650}
}

@inproceedings{Ogata2006,
author  = {Ogata, Kazuhiro and Futatsugi, Kokichi},
title   = {Some Tips on Writing Proof Scores in the {OTS/CafeOBJ} Method},
booktitle = {Algebra, Meaning, and Computation}, 
year    = {2006},
pages   = {596--615},
isbn = {978-3-540-35462-8},
address = {Berlin, Heidelberg},
url = {https://doi.org/10.1007/11780274_31},
publisher = {Springer Berlin Heidelberg}
}

